<?xml version="1.0" encoding="UTF-8"?><collection xmlns="http://www.loc.gov/MARC21/slim"><record><leader>00534nam--2200169-i-4500</leader><controlfield tag="001">000048303</controlfield><controlfield tag="002">20161230</controlfield><controlfield tag="005">20161230201046</controlfield><controlfield tag="008">060222s1000------------r-----000-0-eng-d</controlfield><datafield ind1=" " ind2=" " tag="040"><subfield code="a">IFIN-HH</subfield></datafield><datafield ind1=" " ind2=" " tag="080"><subfield code="a">539.216.2:538.975(061.3)</subfield></datafield><datafield ind1="1" ind2=" " tag="110"><subfield code="a">Institute Of Siolid State Physics</subfield></datafield><datafield ind1="1" ind2="0" tag="245"><subfield code="a">Physics of thin films</subfield><subfield code="b">Proceedings of the first national autumn school szczyrk, october 19th-25th, 1979</subfield></datafield><datafield ind1=" " ind2=" " tag="260"><subfield code="a">Warszawa</subfield><subfield code="b">Polish Scientific Publishers</subfield><subfield code="c">1981</subfield></datafield><datafield ind1=" " ind2=" " tag="300"><subfield code="a">539P</subfield></datafield><datafield ind1=" " ind2=" " tag="852"><subfield code="a">49863</subfield><subfield code="c">539.23</subfield></datafield><datafield ind1=" " ind2=" " tag="CAT"><subfield code="a">Sys</subfield><subfield code="c">20121218</subfield><subfield code="h">163204</subfield></datafield></record></collection>